@unpublished{dietrichAllJustClickbait2021,
  type = {Conference Presentation},
  title = {All Just Clickbait? {{The}} Effect of Empathy and Epistemic Emotions in Online News on the Eudaimonic Entertainment Experience and Political Information Processing},
  author = {Dietrich, Felix and Kugler, Tanja and Hennings, Sarah and Conrad, Celine and Schneider, Frank M and Vorderer, Peter},
  date = {2021-09-08/2021-09-10},
  eventtitle = {12th {{Conference}} of the {{Media Psychology Division}} of the {{German Psychological Society}} ({{DGPs}})},
  venue = {Aachen, Germany}
}

@unpublished{dietrichDigitalEmotionContagion2023,
  type = {Conference Presentation},
  title = {Digital Emotion Contagion in Online Environments: An Automated Content Analysis of Comments from Self-Transcendent {{YouTube}} Videos},
  author = {Dietrich, Felix and Possler, Daniel and Dale, Katherine R},
  date = {2023-09-06/2023-09-08},
  eventtitle = {13th {{Conference}} of the {{Media Psychology Division}} of the {{German Psychological Society}} ({{DGPs}})},
  venue = {Luxembourg}
}

@unpublished{krelingWhatPeopleWatch2023,
  type = {Conference Presentation},
  title = {What Do People Watch under Adversity? {{Testing}} Interactions of Semantic Affinity and Coping Style Using {{Netflix}} Data Donations},
  author = {Kreling, Rebekka and Dietrich, Felix and Gilbert, Alicia and Reinecke, Leonard},
  date = {2023-09-06/2023-09-08},
  eventtitle = {13th {{Conference}} of the {{Media Psychology Division}} of the {{German Psychological Society}} ({{DGPs}})},
  venue = {Luxembourg}
}
