@article{dietrichFakeNewsOder2021,
  title = {Fake News oder Fake Brain? Die Rolle epistemischer Emotionen bei der Rezeption von politischen Nachrichten, die der eigenen Meinung widersprechen [Fake news oder fake brain? The role of epistemic emotions in the processing of cross-cutting news exposure]},
  shorttitle = {Fake News oder Fake Brain?},
  author = {Dietrich, Felix},
  date = {2021-12-13},
  journaltitle = {transfer},
  volume = {25},
  number = {4},
  url = {http://transfer.dgpuk.de/abstracts/fake-news-oder-fake-brain/},
  urldate = {2021-12-14},
  langid = {ngerman},
  file = {/Users/fedietri/Zotero/storage/4K8SWQTJ/fake-news-oder-fake-brain.html}
}

@incollection{dietrichPotenzialDigitalerUnterhaltungsangebote2023,
  title = {Das {{Potenzial}} Digitaler {{Unterhaltungsangebote}} in Algorithmisch Kuratierten {{Onlineumgebungen}} Für Den Öffentlich-Rechtlichen {{Programmauftrag}} [{{The}} Potentials of Digital Entertainment Programming in Algorithmically Curated Online Environments for the Public Service Broadcasting Mandate]},
  booktitle = {Public {{Value Studie}}: {{Die Bedeutung}} Öffentlich-Rechtlicher {{Unterhaltung}} in {{Zeiten}} Des Digitalen {{Wandels}} [{{Public Value Study}}: {{The}} Importance of Entertainment Programming for Public Service Broadcasting in Times of Digital Transformation]},
  author = {Dietrich, Felix},
  date = {2023},
  pages = {104--118},
  publisher = {Österreichischer Rundfunk (ORF)},
  location = {Vienna, Austria},
  url = {https://zukunft.orf.at/},
  file = {/Users/fedietri/Zotero/storage/35EXHMAL/Dietrich - 2023 - Das Potenzial digitaler Unterhaltungsangebote in a.pdf}
}

@inproceedings{dietrichSocialMediaAffordances2022,
  title = {Social Media Affordances and Well-Being: An Integration with {{HCI-research}}},
  shorttitle = {Self-{{Determination Theory}} in {{HCI}}},
  booktitle = {Self-Determination Theory in {{HCI}}: Shaping a Research Agenda [{{Workshop}} Presentation at the {{CHI Conference}} on {{Human Factors}} in {{Computing Systems}}]},
  author = {Dietrich, Felix and Reinecke, Leonard},
  editor = {Ballou, Nick and Deterding, Sebastian and Tyack, April and Mekler, Elisa D and Calvo, Rafael A and Peters, Dorian and Villalobos-Zúñiga, Gabriela and Turkay, Selen},
  date = {2022-04-27},
  location = {New Orleans, LA},
  url = {https://www.positivecomputing.org/blog/chi-2022-workshop},
  urldate = {2022-05-03},
  eventtitle = {{{CHI}} '22: {{CHI Conference}} on {{Human Factors}} in {{Computing Systems}}},
  langid = {english},
  file = {/Users/fedietri/Zotero/storage/LDFKQKIN/Dietrich and Reinecke - 2022 - .pdf}
}
