@unpublished{dietrichOpenSourceTransformer2024,
  type = {Conference Presentation},
  title = {Open {{Source Transformer Modelle}}: {{Ein}} Einfaches {{Werkzeug}} Zur Automatisierten {{Inhaltsanalyse}} FÃ¼r Die (Deutschsprachige) {{Kommunikationswissenschaft}} [{{Open Source Transformer Models}}: {{A}} Simple Tool for Automated Content Analysis for ({{German-speaking}}) Communication Science]},
  author = {Dietrich, Felix and Possler, Daniel and Lammers, Anica and Scheper, Jule},
  date = {2024-03-13/2024-03-15},
  eventtitle = {Annual {{Conference}} of the {{German Communication Association}} ({{DGPuK}})},
  venue = {Erfurt, Germany}
}
