@unpublished{ernstExperienceSamplingStudieZur2025,
  type = {Conference Presentation},
  title = {Eine {{Experience Sampling-Studie}} Zur Alltäglichen {{Stimmungsregulierung}} in Algorithmisch Kuratierten {{Musikstreamingumgebungen}} [{{An}} Experience Sampling Study on Everyday Mood Regulation in Algorithmically Curated Music Streaming Environments]},
  author = {Ernst, Alicia and Dietrich, Felix and Rohr, Benedikt and Reinecke, Leonard and Scharkow, Michael},
  date = {2025-01-22/2025-01-24},
  eventtitle = {Annual {{Conference}} of the {{Media Use}} and {{Effects Division}} of the {{German Communication Association}} ({{DGPuK}})},
  venue = {Bamberg, Germany}
}

@unpublished{ernstZeitlicheStrukturenDigitaler2024,
  type = {Conference Presentation},
  title = {Zeitliche {{Strukturen}} Digitaler {{Unterhaltungsmediennutzung}}: {{Eine}} Explorative {{Analyse}} Digitaler {{Verhaltensdaten}} [{{Temporal}} Structures of Digital Entertainment Media Use: {{An}} Exploratory Analysis of Digital Trace Data]},
  author = {Ernst, Alicia and Dietrich, Felix and Schnauber-Stockmann, Anna and Gilbert, Alicia and Scharkow, Michael},
  date = {2024-01-24/2024-01-26},
  eventtitle = {Annual {{Conference}} of the {{Media Use}} and {{Effects Division}} of the {{German Communication Association}} ({{DGPuK}})},
  venue = {Fribourg, Switzerland}
}

@unpublished{gilbertTooAmusedStop2023,
  type = {Conference Presentation},
  title = {Too Amused to Stop? {{Selbstkontrolle}} Und {{Unterhaltungserleben}} Bei Der {{Netflix-Nutzung}} [{{Too}} Amused to Stop? {{Self-control}} and Entertainment Experiences While Using {{Netflix}}]},
  author = {Gilbert, Alicia and Reinecke, Leonard and Meier, Adrian and Baumgartner, Susanne E. and Kühne, Rinaldo and Dietrich, Felix},
  date = {2023-01-19/2023-01-21},
  eventtitle = {Annual {{Conference}} of the {{Media Use}} and {{Effects Division}} of the {{German Communication Association}} ({{DGPuK}})},
  venue = {Augsburg, Germany}
}
