@unpublished{dietrichAlgorithmicallyCuratedMedia2023,
  type = {Conference Presentation},
  title = {Algorithmically Curated Media Entertainment: Insights and Open Questions for the Field of Positive Media Psychology},
  author = {Dietrich, Felix},
  date = {2023-10-05/2023-10-07},
  eventtitle = {Positive {{Media Psychology Symposium}}},
  venue = {Orange, California, USA}
}

@inproceedings{dietrichSocialMediaAffordances2022,
  title = {Social Media Affordances and Well-Being: An Integration with {{HCI-research}}},
  shorttitle = {Self-{{Determination Theory}} in {{HCI}}},
  booktitle = {Self-Determination Theory in {{HCI}}: Shaping a Research Agenda [{{Workshop}} Presentation at the {{CHI Conference}} on {{Human Factors}} in {{Computing Systems}}]},
  author = {Dietrich, Felix and Reinecke, Leonard},
  editor = {Ballou, Nick and Deterding, Sebastian and Tyack, April and Mekler, Elisa D and Calvo, Rafael A and Peters, Dorian and Villalobos-Zúñiga, Gabriela and Turkay, Selen},
  date = {2022-04-27},
  location = {New Orleans, LA},
  url = {https://www.positivecomputing.org/blog/chi-2022-workshop},
  urldate = {2022-05-03},
  eventtitle = {{{CHI}} '22: {{CHI Conference}} on {{Human Factors}} in {{Computing Systems}}},
  langid = {english},
  file = {/Users/felix/Zotero/storage/LDFKQKIN/Dietrich and Reinecke - 2022 - .pdf}
}

@unpublished{dietrichUsingLargeLanguage2023,
  type = {Conference Presentation},
  title = {Using Large Language Models in Media Psychology},
  author = {Dietrich, Felix},
  date = {2023-12-07},
  eventtitle = {Digital {{Methods Colloquium}} at the {{Weizenbaum Institute}}},
  venue = {Berlin, Germany}
}

@unpublished{rohrOpportunitiesChallengesRealtime2023,
  type = {Conference Presentation},
  title = {Opportunities and Challenges of Real-Time Data Linkage Designs: A Case Study Using the {{Spotify API}}},
  author = {Rohr, Benedikt and Ernst, Alicia and Dietrich, Felix and Scharkow, Michael},
  date = {2023-07-17/2023-07-21},
  eventtitle = {10th {{Conference}} of the {{European Survey Research Association}} ({{ESRA}})},
  venue = {Milan, Italy}
}
